@article{uvg_dataset,
  author = {A. Mercat and M. Viitanen and J. Vanne},
  title = {UVG dataset: 50/120fps 4K sequences for video codec analysis and development},
  journal = {Proc. ACM Multimedia Syst. Conf.},
  year = {2020},
  month = {June}
},

@misc{codecs_faq,
  title = {Codecs FAQ},
  url = {https://support.microsoft.com/en-us/windows/codecs-faq-392483a0-b9ac-27c7-0f61-5a7f18d408af},
  urldate = {2025-07-11},
  author = {Microsoft}
},

@misc{how_lcevc_works,
  title = {How LCEVC Works},
  url = {https://www.lcevc.org/how-lcevc-works/},
  urldate = {2025-07-12},
  author = {MPEG-5}
},

@misc{globo_lcevc,
  title = {Brazilian TV Giant Achieves 10Mbps UHD with LCEVC Enhancement},
  url = {https://v-nova.com/press-releases/brazilian-tv-giant-achieves-10mbps-uhd-with-lcevc-enhancement/},
  urldate = {2024-09-05},
  author = {V-Nova}
},

@misc{xiph,
  title = {Xiph.org Video Test Media},
  url = {https://media.xiph.org/video/derf/},
  urldate = {2025-05-05},
  author = {Xiph.Org}
},

@misc{globo_panorama,
  title = {Panorama dos codificadores de vídeos},
  url = {https://globotech.globo.com/blog/noticia/panorama-dos-codificadores-de-videos.ghtml},
  urldate = {2024-08-13},
  author = {{Carlos Eduardo Cosme Ribeiro} and {Globo}},
},

@ARTICLE{overview_lcevc,
  author={Battista, Stefano and Meardi, Guido and Ferrara, Simone and Ciccarelli, Lorenzo and Maurer, Florian and Conti, Massimo and Orcioni, Simone},
  journal={IEEE Transactions on Circuits and Systems for Video Technology}, 
  title={Overview of the Low Complexity Enhancement Video Coding (LCEVC) Standard}, 
  year={2022},
  volume={32},
  number={11},
  pages={7983-7995},
  keywords={Video coding;Encoding;Transforms;Transform coding;Complexity theory;Quantization (signal);Entropy;LCEVC;MPEG;video coding;multi-layer video coding;low complexity},
  doi={10.1109/TCSVT.2022.3182793}
},

@techreport{MPEG2022LCEVC,
  title        = {White Paper on Low Complexity Enhancement Video Coding (LCEVC)},
  author       = {{ISO/IEC JTC 1/SC 29/WG 11 MPEG-5 Part 2 Working Group}},
  institution  = {LCEVC (Low Complexity Enhancement Video Coding)},
  type         = {White Paper},
  number       = {MPEG-137},
  month        = jan,
  year         = {2022},
},

@misc{what_is_raw_footage,
  title = {What is Raw Footage and When To use It},
  url = {https://bxfilms.tv/blog/what-is-raw-footage},
  urldate = {2022-09-09},
  author = {Jeremy Miller}
},

@INPROCEEDINGS{mpeg2,
  author={Morris, O.J.},
  booktitle={IEE Colloquium on MPEG-2 - What it is and What it isn't}, 
  title={MPEG-2: where did it come from and what is it?}, 
  year={1995},
  volume={},
  number={},
  pages={1/1-1/5},
  keywords={Audio coding;Data compression;Communication standards;Video coding},
  doi={10.1049/ic:19950035}},

@techreport{h264_white_paper,
  title        = "{ITU‑T Recommendation H.264 | ISO/IEC 14496‑10: Advanced video coding for generic audiovisual services}",
  author       = "{ITU‑T Study Group 16 (VCEG) and ISO/IEC JTC1/SC29/WG11 (MPEG)}",
  institution  = "{International Telecommunication Union, International Organization for Standardization International Electrotechnical Commission}",
  type         = "Recommendation / International Standard",
  number       = "H.264 / ISO/IEC 14496‑10",
  month        = may,
  year         = "2003",
  url          = "https://www.videosurveillance.co.in/H.264.pdf",
  note         = "Corrigendum 1 added May 7, 2004"
},

@article{vvc_paper,
  title        = {Versatile Video Coding Standard: A Review from Coding Tools to Consumers Deployment},
  author       = {Wassim Hamidouche and Thibaud Biatek and Mohsen Abdoli and Edouard François and Fernando Pescador and Miloš Radosavljević and Daniel Menard and Mickael Raulet},
  journal      = {arXiv preprint},
  eprint       = {2106.14245},
  primaryclass = {eess.IV},
  year         = {2021},
  month        = jun,
  note         = {Revised version (v2) submitted on 6 Nov 2021},
  url          = {https://arxiv.org/pdf/2106.14245}
},

@book{gupta2006data,
  author    = {Gupta, Prakash C.},
  title     = {Data Communications and Computer Networks},
  year      = {2006},
  publisher = {PHI Learning Pvt. Ltd.},
  address   = {New Delhi, India},
  isbn      = {9788120328464},
  url       = {https://books.google.com.br/books?id=-kNn_p6WA38C&pg=PA7}
},

@inproceedings{Syahbana2011APSNR,
  title     = {Aligned-PSNR (APSNR) for Objective Video Quality Measurement (VQM) in Video Stream over Wireless and Mobile Network},
  author    = {Yoanda Alim Syahbana and Herman and Azizah Abdul Rahman and Kamalrulnizam Abu Bakar},
  booktitle = {2011 World Congress on Information and Communication Technologies (WICT)},
  year      = {2011},
  address   = {Johor, Malaysia},
  publisher = {IEEE},
  url       = {https://core.ac.uk/download/pdf/228026495.pdf}
},

@misc{pareto_definition,
  title={Multicriteria Optimization and Decision Making: Principles, Algorithms and Case Studies}, 
  author={Michael Emmerich and André Deutz},
  year={2025},
  eprint={2407.00359},
  archivePrefix={arXiv},
  primaryClass={math.OC},
  url={https://arxiv.org/abs/2407.00359},
  note={Página 26}
},

@misc{pareto_img,
  title = {Pareto Efficient Frontier},
  url = {https://en.wikipedia.org/wiki/Pareto_front},
  urldate = {2025-07-27},
  author = {{Wikipedia}}
},

@misc{globo_video_uhd,
  author       = {{TV Globo}},
  title        = {Trecho de vídeo da TV Globo em formato RAW/MOV},
  year         = {2024},
  note         = {Conteúdo obtido para testes de compressão. Sem distribuição pública.}
},

@misc{my_scripts,
  title = {LCEVC-Enhancement},
  url = {https://github.com/lucpena/LCEVC-Enhancement/tree/main/Low_Complexity_Enhancement_Video_Coding},
  urldate = {2025-07-27},
  author = {{Lucas Pena}}
},

@misc{lcevc_tvdigital,
  author = {{Carlos Eduardo Cosme Ribeiro}},
  title  = {GT TV 3.0: Funcionalidades do MPEG-5, Low Complexity Enhancement Video Coding (LCEVC)},
  urldate = {2023-05-30},
  note = {https://set.org.br/news-revista-da-set/revista/gt-tv-3-0-funcionalidades-do-mpeg-5-low-complexity-enhancement-video-coding-lcevc/},
},

@misc{ltm_git,
  title = {{LTM Git (requer uma conta MPEG)}},
  url = {https://git.mpeg.expert/MPEG/Video/LCEVC/LTM}
},

@misc{tv_25,
  author = {{SBTVD}},
  title  = {Resultados da avaliação subjetiva da qualidade da codificação de vídeo em tempo real para TV 2.5},
  url = {https://forumsbtvd.org.br/tv-2-5/},
  urldate = {2023-07-30}
},

@misc{tv_30,
  author = {{SBTVD}},
  title  = {Background - Terrestrial TV Evolution in Brazil},
  url = {https://forumsbtvd.org.br/tv3_0/},
  urldate = {2023-07-30}
},